@article{Jamieson2001,
	title        = {Ecological interface design for petrochemical applications: supporting operator adaptation, continuous learning, and distributed, collaborative work},
	author       = {Greg A Jamieson and Kim J Vicente},
	year         = 2001,
	journal      = {Computers and Chemical Engineering},
	volume       = 25,
	number       = 7,
	pages        = {1055--1074},
	doi          = {https://doi.org/10.1016/S0098-1354(01)00678-0},
	issn         = {0098-1354},
	url          = {https://www.sciencedirect.com/science/article/pii/S0098135401006780}
}
@article{Vicente1992,
	title        = {Ecological interface design: theoretical foundations},
	author       = {Kim J. Vicente and Jens Rasmussen},
	year         = 1992,
	journal      = {IEEE Trans. Syst. Man Cybern.},
	volume       = 22,
	pages        = {589--606}
}
@book{Jenkins2013,
	title        = {Industrial and Process Furnaces - Principles, Design and Operation},
	author       = {Jenkins, Barrie AND Mullinger, Peter},
	year         = 2013,
	publisher    = {Butterworth-Heinemann},
	address      = {Oxford},
	isbn         = {978-0-080-99378-2},
	edition      = {}
}
@book{Zhlke2012NutzergerechteEV,
	title        = {Nutzergerechte Entwicklung von Mensch-Maschine-Systemen Useware-Engineering für technische Systeme},
	author       = {Zühlke, Detlef},
	year         = 2012,
	publisher    = {Springer-Verlag Berlin Heidelberg},
	address      = {Berlin, Heidelberg},
	doi          = {10.1007/978-3-642-22074-6},
	isbn         = {978-3-642-22073-9},
	keywords     = {computer engineering human interaction system technical useware}
}
@book{ButzKrueger2017,
	title        = {Mensch-Maschine-Interaktion},
	author       = {Andreas Butz and Antonio Krüger},
	year         = 2017,
	publisher    = {R Oldenbourg Verlag},
	address      = {München},
	doi          = {10.1515/9783110476378},
	isbn         = 9783110476361
}
@misc{statcounterResolution,
	title        = {desktop screen resolution stats united kingdom},
	author       = {StatCounter Global Stats},
	year         = 2022,
	url          = {https://gs.statcounter.com/screen-resolution-stats/desktop/united-kingdom/#yearly-2021-2021-bar}
}
@misc{din_9241-110,
	title        = {{DIN} {EN} {ISO} 9241-110:2008-09, Ergonomie der Mensch-System-Interaktion - Teil 110: Grundsätze der Dialoggestaltung ({ISO} 9241-110:2006); Deutsche Fassung {EN} {ISO} 9241-110:2006},
	author       = {{{DIN} {EN} {ISO} 9241-110}},
	year         = 2008,
	month        = {09},
	publisher    = {Beuth Verlag {GmbH}},
	number       = {{DIN} {EN} {ISO} 9241-110:2008-09},
	doi          = {10.31030/1464024},
	url          = {https://doi.org/10.31030%2F1464024},
	added-at     = {2019-09-14T23:03:39.000+0200},
	biburl       = {https://www.bibsonomy.org/bibtex/2f47fdbedec98915e9bffbff97336eaa5/bcoldewey},
	description  = {DIN EN ISO 9241-110 - 2008-09 - Beuth.de},
	interhash    = {098ffb4d5246a7c375f1c7f2dffec8e3},
	intrahash    = {f47fdbedec98915e9bffbff97336eaa5},
	keywords     = {DIN Dialog EN Ergonomie Gestaltung ISO Mensch-Maschine-Interaktion},
	timestamp    = {2019-09-18T11:06:23.000+0200},
	type         = {Norm}
}
@misc{davin_fireball_2021,
	title        = {Fireball {Gif} {Transparent} {Free} {Clip} {Art} {Fireball} {Gif}},
	author       = {Davin, Kanisa},
	year         = 2021,
	month        = jul,
	journal      = {hdbackground22},
	url          = {https://hdbackground22.blogspot.com/2021/04/fire-gif-transparent.html},
	urldate      = {2022-01-26},
	copyright    = {free for personal use},
	language     = {en}
}
@misc{HMIvsSCADA,
	title        = {What is HMI?},
	author       = {{Inductive Automation}},
	year         = 2018,
	month        = aug,
	url          = {https://www.inductiveautomation.com/resources/article/what-is-hmi},
	urldate      = {2022-01-26}
}
@article{DesignHMI,
	title        = {Design Considerations for Effective Human Machine Interface Systems},
	author       = {{EAO Corporation}},
	year         = 2012,
	journal      = {EAO WP HMI-Systems},
	url          = {https://eao.com/fileadmin/documents/PDFs/en/08_whitepapers/EAO_WP_HMI-Systems_EN.pdf},
	urldate      = {2022-01-26}
}
@misc{john3_free_fire_2019,
	title        = {free fire png logo {Fire} flame clipart {PNG} image with transparent background},
	author       = {John3},
	year         = 2019,
	month        = sep,
	journal      = {TopPNG},
	url          = {https://toppng.com/free-fire-png-logo-fire-flame-clipart-PNG-free-PNG-Images_444604},
	urldate      = {2022-01-26},
	copyright    = {free for personal use},
	language     = {en}
}


